@inproceedings{cptrs,
  author    = {Akram El{-}Korashy and
               Stelios Tsampas and
               Marco Patrignani and
               Dominique Devriese and
               Deepak Garg and
               Frank Piessens},
  title     = {CapablePtrs: Securely Compiling Partial Programs Using the Pointers-as-Capabilities
               Principle},
  booktitle = {34th {IEEE} Computer Security Foundations Symposium, {CSF} 2021, Dubrovnik,
               Croatia, June 21-25, 2021},
  pages     = {1--16},
  publisher = {{IEEE}},
  year      = {2021},
  url       = {https://doi.org/10.1109/CSF51468.2021.00036},
  doi       = {10.1109/CSF51468.2021.00036},
  timestamp = {Thu, 14 Oct 2021 10:13:18 +0200},
  biburl    = {https://dblp.org/rec/conf/csfw/El-Korashy0PD0P21.bib},
  bibsource = {dblp computer science bibliography, https://dblp.org}
}

