@inproceedings{difft,
	author="Abate, Carmine
		and Blanco, Roberto
		and Ciob{\^a}c{\u{a}}, Ștefan
		and Durier, Adrien
		and Garg, Deepak
		and Hrițcu, C{\u{a}}t{\u{a}}lin
		and Patrignani, Marco
		and Tanter, {\'E}ric
		and Thibault, J{\'e}r{\'e}my",
	editor="M{\"u}ller, Peter",
	title="Trace-Relating Compiler Correctness and Secure Compilation",
	booktitle="Programming Languages and Systems",
	year="2020",
	publisher="Springer International Publishing",
	address="Cham",
	pages="1--28",
	isbn="978-3-030-44914-8"
}

