@article{difft-j,
author = {
	Abate, Carmine and 
	Blanco, Roberto and 
	Ciob\^{a}c\u{a}, \c{S}tefan and 
	Durier, Adrien and 
	Garg, Deepak and 
	Hri\c{t}cu, C\u{a}t\u{a}lin and 
	Patrignani, Marco and 
	Tanter, \'{E}ric and 
	Thibault, J\'{e}r\'{e}my},
title = {An Extended Account of Trace-Relating Compiler Correctness and Secure Compilation},
year = {2021},
issue_date = {December 2021},
publisher = {Association for Computing Machinery},
address = {New York, NY, USA},
volume = {43},
number = {4},
issn = {0164-0925},
url = {https://doi.org/10.1145/3460860},
doi = {10.1145/3460860},
journal = {ACM Trans. Program. Lang. Syst.},
month = {nov},
articleno = {14},
numpages = {48},
keywords = {formal languages, programming languages, hyperproperties, property-preserving compilation, Trace properties, compiler correctness, secure compilation, Galois connection}
}