@inproceedings{exor,
author = {Patrignani, Marco and Guarnieri, Marco},
title = {Exorcising Spectres with Secure Compilers},
year = {2021},
isbn = {9781450384544},
publisher = {Association for Computing Machinery},
address = {New York, NY, USA},
url = {https://doi.org/10.1145/3460120.3484534},
doi = {10.1145/3460120.3484534},
booktitle = {Proceedings of the 2021 ACM SIGSAC Conference on Computer and Communications Security},
pages = {445â€“461},
numpages = {17},
keywords = {secure compilation, Spectre, speculative execution, robust safety},
location = {Virtual Event, Republic of Korea},
series = {CCS '21}
}