@article{mswasm,
author = {Michael, Alexandra E. and Gollamudi, Anitha and Bosamiya, Jay and Johnson, Evan and Denlinger, Aidan and Disselkoen, Craig and Watt, Conrad and Parno, Bryan and Patrignani, Marco and Vassena, Marco and Stefan, Deian},
title = {MSWasm: Soundly Enforcing Memory-Safe Execution of Unsafe Code},
year = {2023},
issue_date = {January 2023},
publisher = {Association for Computing Machinery},
address = {New York, NY, USA},
volume = {7},
number = {POPL},
url = {https://doi.org/10.1145/3571208},
doi = {10.1145/3571208},
journal = {Proc. ACM Program. Lang.},
month = {jan},
articleno = {15},
numpages = {30},
keywords = {WebAssembly, Semantics, Secure Compilation, Memory-safety}
}