@article{mu-expr,
author = {Patrignani, Marco and Martin, Eric Mark and Devriese, Dominique},
title = {On the Semantic Expressiveness of Recursive Types},
year = {2021},
issue_date = {January 2021},
publisher = {Association for Computing Machinery},
address = {New York, NY, USA},
volume = {5},
number = {POPL},
url = {https://doi.org/10.1145/3434302},
doi = {10.1145/3434302},
journal = {Proc. ACM Program. Lang.},
month = {jan},
articleno = {21},
numpages = {29},
keywords = {Backtranslation, Iso-recursive types, Fully-abstract compilation, Recursive types, Coinductive Equi-recursive types, Lambda Calculus}
}