@inproceedings{DBLP:conf/popl/DevriesePP16,
  author    = {Dominique Devriese and
               Marco Patrignani and
               Frank Piessens},
  title     = {Fully-abstract compilation by approximate back-translation},
  booktitle = {Proceedings of the 43rd Annual {ACM} {SIGPLAN-SIGACT} Symposium on
               Principles of Programming Languages, {POPL} 2016, St. Petersburg,
               FL, USA, January 20 - 22, 2016},
  pages     = {164--177},
  year      = {2016},
  crossref  = {DBLP:conf/popl/2016},
  url       = {http://doi.acm.org/10.1145/2837614.2837618},
  doi       = {10.1145/2837614.2837618},
  timestamp = {Fri, 08 Jan 2016 18:18:25 +0100},
  biburl    = {http://dblp.uni-trier.de/rec/bib/conf/popl/DevriesePP16},
  bibsource = {dblp computer science bibliography, http://dblp.org}
}