@article{rsc-j,
author = {Patrignani, Marco and Garg, Deepak},
title = {Robustly Safe Compilation, an Efficient Form of Secure Compilation},
year = {2021},
issue_date = {March 2021},
publisher = {Association for Computing Machinery},
address = {New York, NY, USA},
volume = {43},
number = {1},
issn = {0164-0925},
url = {https://doi.org/10.1145/3436809},
doi = {10.1145/3436809},
journal = {ACM Trans. Program. Lang. Syst.},
month = {feb},
articleno = {1},
numpages = {41},
keywords = {formal languages, robust safety, fully abstract compilation, robustly-safe compilation, Secure compilation, programming languages}
}