@INPROCEEDINGS {rsmove,
author = {Patrignani, Marco and Blackshear, Sam},
booktitle = {2023 IEEE 36th Computer Security Foundations Symposium (CSF)},
title = {Robust Safety for Move},
year = {2023},
volume = {},
issn = {},
pages = {308-323},
doi = {10.1109/CSF57540.2023.00045},
url = {https://doi.ieeecomputersociety.org/10.1109/CSF57540.2023.00045},
publisher = {IEEE Computer Society},
address = {Los Alamitos, CA, USA},
month = {jul}
}

