@inproceedings{scoo,
	author = {Patrignani, Marco and Clarke, Dave and Piessens, Frank},
	title = {{Secure Compilation of Object-Oriented Components to Protected Module Architectures}},
	year={2013},
	pages={176-191},
	booktitle={Proceedings of the 11th Asian Symposium on Programming Languages and Systems (APLAS'13)},
	location={Melbourne, Australia},
	series={LNCS},
	volume={8301},
}
