@article{scoo-j,
 author = {Patrignani, Marco and Agten, Pieter and Strackx, Raoul and Jacobs, Bart and Clarke, Dave and Piessens, Frank},
 title = {Secure Compilation to Protected Module Architectures},
 journal = {ACM Trans. Program. Lang. Syst.},
 issue_date = {April 2015},
 volume = {37},
 number = {2},
 month = apr,
 year = {2015},
 issn = {0164-0925},
 pages = {6:1--6:50},
 articleno = {6},
 numpages = {50},
 url = {http://doi.acm.org/10.1145/2699503},
 doi = {10.1145/2699503},
 acmid = {2699503},
 publisher = {ACM},
 address = {New York, NY, USA},
 keywords = {Fully abstract compilation, protected module architecture},
}