@inproceedings{spectre-comp,
author = {Fabian, Xaver and Guarnieri, Marco and Patrignani, Marco},
title = {Automatic Detection of Speculative Execution Combinations},
year = {2022},
isbn = {9781450394505},
publisher = {Association for Computing Machinery},
address = {New York, NY, USA},
url = {https://doi.org/10.1145/3548606.3560555},
doi = {10.1145/3548606.3560555},
booktitle = {Proceedings of the 2022 ACM SIGSAC Conference on Computer and Communications Security},
pages = {965â€“978},
numpages = {14},
keywords = {combinations of speculative semantics, spectre, speculative execution, speculative information flows, speculative non-interference},
location = {Los Angeles, CA, USA},
series = {CCS '22}
}